%% This BibTeX bibliography file was created using BibDesk.
%% https://bibdesk.sourceforge.io/

%% Created for Keaton Quinn at 2020-03-13 15:59:20 -0500 


%% Saved with string encoding Unicode (UTF-8) 



@article{dumas2007,
	Author = {Dumas, David},
	Date-Added = {2020-03-13 15:58:51 -0500},
	Date-Modified = {2020-03-13 15:59:20 -0500},
	Journal = {Duke Math. J.},
	Number = {2},
	Pages = {203--243},
	Title = {The {S}chwarzian derivative and measured laminations on {R}iemann surfaces},
	Volume = {140},
	Year = {2007},
	Bdsk-Url-1 = {https://mathscinet-ams-org.proxy.cc.uic.edu/mathscinet-getitem?mr=2359819}}

@article{krasnov-schlenker2008,
	Author = {Krasnov, Kirill and Schlenker, Jean-Marc},
	Date-Added = {2020-03-08 19:19:16 -0500},
	Date-Modified = {2020-03-08 19:19:16 -0500},
	Journal = {Comm. Math. Phys.},
	Number = {3},
	Pages = {637--668},
	Title = {On the renormalized volume of hyperbolic 3-manifolds},
	Volume = {279},
	Year = {2008},
	Bdsk-Url-1 = {https://mathscinet.ams.org/mathscinet-getitem?mr=2386723}}

@article{bromberg2004,
	Author = {Bromberg, Kenneth W.},
	Date-Added = {2020-03-08 19:18:17 -0500},
	Date-Modified = {2020-03-08 19:18:17 -0500},
	Doi = {10.1090/S0894-0347-04-00462-X},
	Fjournal = {Journal of the American Mathematical Society},
	Issn = {0894-0347},
	Journal = {J. Amer. Math. Soc.},
	Number = {4},
	Pages = {783--826},
	Title = {Hyperbolic cone-manifolds, short geodesics, and {S}chwarzian derivatives},
	Volume = {17},
	Year = {2004},
	Bdsk-Url-1 = {https://mathscinet.ams.org/mathscinet-getitem?mr=2083468},
	Bdsk-Url-2 = {https://doi.org/10.1090/S0894-0347-04-00462-X}}

@article{mess2007,
	Author = {Mess, Geoffrey},
	Date-Added = {2020-03-06 18:04:55 -0600},
	Date-Modified = {2020-03-06 18:05:15 -0600},
	Journal = {Geom. Dedicata},
	Pages = {3--45},
	Title = {Lorentz spacetimes of constant curvature},
	Volume = {126},
	Year = {2007},
	Bdsk-Url-1 = {https://mathscinet.ams.org/mathscinet-getitem?mr=2328921}}

@article{schlenker2002,
	Author = {Schlenker, J.-M.},
	Date-Added = {2020-03-06 18:03:31 -0600},
	Date-Modified = {2020-03-06 18:04:01 -0600},
	Journal = {Geom. Funct. Anal.},
	Number = {2},
	Pages = {395--435},
	Title = {Hypersurfaces in {$H^n$} and the space of its horospheres},
	Volume = {12},
	Year = {2002},
	Bdsk-Url-1 = {https://mathscinet.ams.org/mathscinet-getitem?mr=1911666}}

@book{lawson-michelsohn1989,
	Author = {Lawson, Jr., H. Blaine and Michelsohn, Marie-Louise},
	Date-Added = {2020-03-06 17:54:52 -0600},
	Date-Modified = {2020-03-06 17:55:23 -0600},
	Publisher = {Princeton University Press, Princeton, NJ},
	Series = {Princeton Mathematical Series},
	Title = {Spin geometry},
	Volume = {38},
	Year = {1989},
	Bdsk-Url-1 = {https://mathscinet.ams.org/mathscinet-getitem?mr=1031992}}

@article{bridgeman-brock-bromberg2019,
	Author = {Bridgeman, Martin and Brock, Jeffrey and Bromberg, Kenneth},
	Date-Added = {2020-03-06 17:50:59 -0600},
	Date-Modified = {2020-03-06 17:50:59 -0600},
	Doi = {10.1215/00127094-2018-0061},
	Fjournal = {Duke Mathematical Journal},
	Issn = {0012-7094},
	Journal = {Duke Math. J.},
	Number = {5},
	Pages = {867--896},
	Title = {Schwarzian derivatives, projective structures, and the {W}eil-{P}etersson gradient flow for renormalized volume},
	Volume = {168},
	Year = {2019},
	Bdsk-Url-1 = {https://mathscinet.ams.org/mathscinet-getitem?mr=3934591},
	Bdsk-Url-2 = {https://doi.org/10.1215/00127094-2018-0061}}

@article{bers1960,
	Author = {Bers, Lipman},
	Date-Added = {2020-03-06 17:46:27 -0600},
	Date-Modified = {2020-03-06 17:46:27 -0600},
	Journal = {Bull. Amer. Math. Soc.},
	Pages = {94--97},
	Title = {Simultaneous uniformization},
	Volume = {66},
	Year = {1960},
	Bdsk-Url-1 = {https://mathscinet.ams.org/mathscinet-getitem?mr=0111834}}

@incollection{thurston1986,
	Author = {Thurston, William P.},
	Booktitle = {The {B}ieberbach conjecture ({W}est {L}afayette, {I}nd., 1985)},
	Date-Added = {2020-03-06 17:43:56 -0600},
	Date-Modified = {2020-03-06 17:43:56 -0600},
	Pages = {185--197},
	Publisher = {Amer. Math. Soc., Providence, RI},
	Series = {Math. Surveys Monogr.},
	Title = {Zippers and univalent functions},
	Volume = {21},
	Year = {1986},
	Bdsk-Url-1 = {https://mathscinet.ams.org/mathscinet-getitem?mr=875241}}

@book{sharpe1997,
	Author = {Sharpe, R. W.},
	Date-Added = {2020-03-06 17:43:51 -0600},
	Date-Modified = {2020-03-06 17:43:51 -0600},
	Isbn = {0-387-94732-9},
	Note = {Cartan's generalization of Klein's Erlangen program, With a foreword by S. S. Chern},
	Publisher = {Springer-Verlag, New York},
	Series = {Graduate Texts in Mathematics},
	Title = {Differential geometry},
	Volume = {166},
	Year = {1997},
	Bdsk-Url-1 = {https://mathscinet.ams.org/mathscinet-getitem?mr=1453120}}

@book{lehto-1987,
	Author = {Lehto, Olli},
	Date-Added = {2019-07-26 17:59:55 -0700},
	Date-Modified = {2019-07-26 18:00:21 -0700},
	Publisher = {Springer-Verlag, New York},
	Series = {Graduate Texts in Mathematics},
	Title = {Univalent functions and {T}eichm\"{u}ller spaces},
	Volume = {109},
	Year = {1987},
	Bdsk-Url-1 = {https://mathscinet-ams-org.proxy.cc.uic.edu/mathscinet-getitem?mr=867407}}

@article{nehari-1949,
	Author = {Nehari, Zeev},
	Date-Added = {2019-07-17 17:08:10 -0700},
	Date-Modified = {2019-07-17 17:08:45 -0700},
	Fjournal = {Bulletin of the American Mathematical Society},
	Issn = {0002-9904},
	Journal = {Bull. Amer. Math. Soc.},
	Pages = {545--551},
	Title = {The {S}chwarzian derivative and schlicht functions},
	Volume = {55},
	Year = {1949},
	Bdsk-Url-1 = {https://mathscinet-ams-org.proxy.cc.uic.edu/mathscinet-getitem?mr=29999}}

@article{mazzeo-pacard2011,
	Author = {Mazzeo, Rafe and Pacard, Frank},
	Date-Added = {2018-10-17 15:35:21 -0500},
	Date-Modified = {2018-10-17 15:37:13 -0500},
	Fjournal = {Revista Matem\'{a}tica Iberoamericana},
	Journal = {Rev. Mat. Iberoam.},
	Number = {1},
	Pages = {303--333},
	Title = {Constant curvature foliations in asymptotically hyperbolic spaces},
	Volume = {27},
	Year = {2011},
	Bdsk-File-1 = {YnBsaXN0MDDSAQIDBFxyZWxhdGl2ZVBhdGhZYWxpYXNEYXRhXxAtLi4vLi4vLi4vLi4vRG93bmxvYWRzL1JNSS0yMDExLTAyNy0wMDEtMDkucGRmTxEBbAAAAAABbAACAAAMTWFjaW50b3NoIEhEAAAAAAAAAAAAAAAAAAAAAAAAAEJEAAH/////F1JNSS0yMDExLTAyNy0wMDEtMDkucGRmAAAAAAAAAAAAAAAAAAAAAAAAAAAAAAAAAAAAAAAAAAAAAAAAAAAAAP////8AAAAAAAAAAAAAAAAABAACAAAKIGN1AAAAAAAAAAAAAAAAAAlEb3dubG9hZHMAAAIAMC86VXNlcnM6a2VhdG9uOkRvd25sb2FkczpSTUktMjAxMS0wMjctMDAxLTA5LnBkZgAOADAAFwBSAE0ASQAtADIAMAAxADEALQAwADIANwAtADAAMAAxAC0AMAA5AC4AcABkAGYADwAaAAwATQBhAGMAaQBuAHQAbwBzAGgAIABIAEQAEgAuVXNlcnMva2VhdG9uL0Rvd25sb2Fkcy9STUktMjAxMS0wMjctMDAxLTA5LnBkZgATAAEvAAAVAAIADf//AAAACAANABoAJABUAAAAAAAAAgEAAAAAAAAABQAAAAAAAAAAAAAAAAAAAcQ=},
	Bdsk-Url-1 = {https://mathscinet.ams.org/mathscinet-getitem?mr=2815739}}

@article{fischer-marsden1975,
	Author = {Fischer, Arthur E. and Marsden, Jerrold E.},
	Date-Added = {2018-09-14 10:07:55 -0500},
	Date-Modified = {2018-09-14 10:08:56 -0500},
	Fjournal = {Duke Mathematical Journal},
	Journal = {Duke Math. J.},
	Number = {3},
	Pages = {519--547},
	Title = {Deformations of the scalar curvature},
	Url = {http://projecteuclid.org/euclid.dmj/1077311199},
	Volume = {42},
	Year = {1975},
	Bdsk-File-1 = {YnBsaXN0MDDSAQIDBFxyZWxhdGl2ZVBhdGhZYWxpYXNEYXRhXxBNLi4vLi4vTGlicmFyeS9GaXNjaGVyLE1hcnNkZW4gMTk3NSAtIERlZm9ybWF0aW9ucyBvZiB0aGUgc2NhbGFyIGN1cnZhdHVyZS5wZGZPEQIuAAAAAAIuAAIAAAxNYWNpbnRvc2ggSEQAAAAAAAAAAAAAAAAAAAAAAAAAQkQAAf////8fRmlzY2hlcixNYXJzZGVuIDE5I0ZGRkZGRkZGLnBkZgAAAAAAAAAAAAAAAAAAAAAAAAAAAAAAAAAAAAAAAAAA/////wAAAAAAAAAAAAAAAAACAAIAAAogY3UAAAAAAAAAAAAAAAAAB0xpYnJhcnkAAAIAaS86VXNlcnM6a2VhdG9uOkRvY3VtZW50czpHcmFkdWF0ZTpMaWJyYXJ5OkZpc2NoZXIsTWFyc2RlbiAxOTc1IC0gRGVmb3JtYXRpb25zIG9mIHRoZSBzY2FsYXIgY3VydmF0dXJlLnBkZgAADgCAAD8ARgBpAHMAYwBoAGUAcgAsAE0AYQByAHMAZABlAG4AIAAxADkANwA1ACAALQAgAEQAZQBmAG8AcgBtAGEAdABpAG8AbgBzACAAbwBmACAAdABoAGUAIABzAGMAYQBsAGEAcgAgAGMAdQByAHYAYQB0AHUAcgBlAC4AcABkAGYADwAaAAwATQBhAGMAaQBuAHQAbwBzAGgAIABIAEQAEgBnVXNlcnMva2VhdG9uL0RvY3VtZW50cy9HcmFkdWF0ZS9MaWJyYXJ5L0Zpc2NoZXIsTWFyc2RlbiAxOTc1IC0gRGVmb3JtYXRpb25zIG9mIHRoZSBzY2FsYXIgY3VydmF0dXJlLnBkZgAAEwABLwAAFQACAA3//wAAAAgADQAaACQAdAAAAAAAAAIBAAAAAAAAAAUAAAAAAAAAAAAAAAAAAAKm},
	Bdsk-Url-1 = {https://mathscinet.ams.org/mathscinet-getitem?mr=0380907}}

@phdthesis{anderson1998,
	Author = {Anderson, C. Gregory},
	Date-Added = {2018-05-09 22:17:39 +0000},
	Date-Modified = {2018-05-09 22:32:09 +0000},
	School = {University of California, Berkeley},
	Title = {Projective structures on {R}iemann surfaces and developing maps to $\mathbb{H}^3$ and $\mathbb{C}\mathrm{P}^n$},
	Year = {1998},
	Bdsk-File-1 = {YnBsaXN0MDDSAQIDBFxyZWxhdGl2ZVBhdGhZYWxpYXNEYXRhXxCILi4vLi4vTGlicmFyeS9BbmRlcnNvbiAxOTk4IC0gUHJvamVjdGl2ZSBzdHJ1Y3R1cmVzIG9uIFJpZW1hbm4gc3VyZmFjZXMgYW5kIGRldmVsb3BpbmcgbWFwcyB0byAkXG1hdGhiYkheMyQgYW5kICRcbWF0aGJiQ1xtYXRocm1QXm4kLnBkZk8RAxgAAAAAAxgAAgAADE1hY2ludG9zaCBIRAAAAAAAAAAAAAAAAAAAAAAAAABCRAAB/////x9BbmRlcnNvbiAxOTk4IC0gUHIjRkZGRkZGRkYucGRmAAAAAAAAAAAAAAAAAAAAAAAAAAAAAAAAAAAAAAAAAAD/////AAAAAAAAAAAAAAAAAAIAAgAACiBjdQAAAAAAAAAAAAAAAAAHTGlicmFyeQAAAgCkLzpVc2VyczprZWF0b246RG9jdW1lbnRzOkdyYWR1YXRlOkxpYnJhcnk6QW5kZXJzb24gMTk5OCAtIFByb2plY3RpdmUgc3RydWN0dXJlcyBvbiBSaWVtYW5uIHN1cmZhY2VzIGFuZCBkZXZlbG9waW5nIG1hcHMgdG8gJFxtYXRoYmJIXjMkIGFuZCAkXG1hdGhiYkNcbWF0aHJtUF5uJC5wZGYADgD2AHoAQQBuAGQAZQByAHMAbwBuACAAMQA5ADkAOAAgAC0AIABQAHIAbwBqAGUAYwB0AGkAdgBlACAAcwB0AHIAdQBjAHQAdQByAGUAcwAgAG8AbgAgAFIAaQBlAG0AYQBuAG4AIABzAHUAcgBmAGEAYwBlAHMAIABhAG4AZAAgAGQAZQB2AGUAbABvAHAAaQBuAGcAIABtAGEAcABzACAAdABvACAAJABcAG0AYQB0AGgAYgBiAEgAXgAzACQAIABhAG4AZAAgACQAXABtAGEAdABoAGIAYgBDAFwAbQBhAHQAaAByAG0AUABeAG4AJAAuAHAAZABmAA8AGgAMAE0AYQBjAGkAbgB0AG8AcwBoACAASABEABIAolVzZXJzL2tlYXRvbi9Eb2N1bWVudHMvR3JhZHVhdGUvTGlicmFyeS9BbmRlcnNvbiAxOTk4IC0gUHJvamVjdGl2ZSBzdHJ1Y3R1cmVzIG9uIFJpZW1hbm4gc3VyZmFjZXMgYW5kIGRldmVsb3BpbmcgbWFwcyB0byAkXG1hdGhiYkheMyQgYW5kICRcbWF0aGJiQ1xtYXRocm1QXm4kLnBkZgATAAEvAAAVAAIADf//AAAACAANABoAJACvAAAAAAAAAgEAAAAAAAAABQAAAAAAAAAAAAAAAAAAA8s=},
	Bdsk-Url-1 = {https://mathscinet.ams.org/mathscinet-getitem?mr=2698860}}

@book{gilbarg-trudinger2001,
	Author = {Gilbarg, David and Trudinger, Neil S.},
	Date-Added = {2018-05-09 22:12:24 +0000},
	Date-Modified = {2018-05-09 22:13:07 +0000},
	Publisher = {Springer-Verlag, Berlin},
	Series = {Classics in Mathematics},
	Title = {Elliptic partial differential equations of second order},
	Year = {2001},
	Bdsk-Url-1 = {https://mathscinet.ams.org/mathscinet-getitem?mr=1814364}}

@article{osgood-stowe1992,
	Author = {Osgood, Brad and Stowe, Dennis},
	Date-Added = {2018-05-09 21:34:18 +0000},
	Date-Modified = {2018-05-09 21:37:03 +0000},
	Fjournal = {Duke Mathematical Journal},
	Journal = {Duke Math. J.},
	Number = {1},
	Pages = {57--99},
	Title = {The {S}chwarzian derivative and conformal mapping of {R}iemannian manifolds},
	Volume = {67},
	Year = {1992},
	Bdsk-File-1 = {YnBsaXN0MDDSAQIDBFxyZWxhdGl2ZVBhdGhZYWxpYXNEYXRhXxBrLi4vLi4vTGlicmFyeS9Pc2dvb2QsU3Rvd2UgIDE5OTIgLSBUaGUgU2Nod2FyemlhbiBkZXJpdmF0aXZlIGFuZCBjb25mb3JtYWwgbWFwcGluZyBvZiBSaWVtYW5uaWFuIG1hbmlmb2xkcyBPEQKmAAAAAAKmAAIAAAxNYWNpbnRvc2ggSEQAAAAAAAAAAAAAAAAAAAAAAAAAQkQAAf////8fT3Nnb29kLFN0b3dlICAxOTkyIC0gVCNGRkZGRkZGRgAAAAAAAAAAAAAAAAAAAAAAAAAAAAAAAAAAAAAAAAAA/////wAAAABhbGlzTUFDUwACAAIAAAogY3UAAAAAAAAAAAAAAAAAB0xpYnJhcnkAAAIAhy86VXNlcnM6a2VhdG9uOkRvY3VtZW50czpHcmFkdWF0ZTpMaWJyYXJ5Ok9zZ29vZCxTdG93ZSAgMTk5MiAtIFRoZSBTY2h3YXJ6aWFuIGRlcml2YXRpdmUgYW5kIGNvbmZvcm1hbCBtYXBwaW5nIG9mIFJpZW1hbm5pYW4gbWFuaWZvbGRzIAAADgC8AF0ATwBzAGcAbwBvAGQALABTAHQAbwB3AGUAIAAgADEAOQA5ADIAIAAtACAAVABoAGUAIABTAGMAaAB3AGEAcgB6AGkAYQBuACAAZABlAHIAaQB2AGEAdABpAHYAZQAgAGEAbgBkACAAYwBvAG4AZgBvAHIAbQBhAGwAIABtAGEAcABwAGkAbgBnACAAbwBmACAAUgBpAGUAbQBhAG4AbgBpAGEAbgAgAG0AYQBuAGkAZgBvAGwAZABzACAADwAaAAwATQBhAGMAaQBuAHQAbwBzAGgAIABIAEQAEgCFVXNlcnMva2VhdG9uL0RvY3VtZW50cy9HcmFkdWF0ZS9MaWJyYXJ5L09zZ29vZCxTdG93ZSAgMTk5MiAtIFRoZSBTY2h3YXJ6aWFuIGRlcml2YXRpdmUgYW5kIGNvbmZvcm1hbCBtYXBwaW5nIG9mIFJpZW1hbm5pYW4gbWFuaWZvbGRzIAAAEwABLwAAFQACAA3//wAAAAgADQAaACQAkgAAAAAAAAIBAAAAAAAAAAUAAAAAAAAAAAAAAAAAAAM8},
	Bdsk-Url-1 = {https://mathscinet.ams.org/mathscinet-getitem?mr=1174603}}

@incollection{dumas2009,
	Author = {Dumas, David},
	Booktitle = {Handbook of {T}eichm{\"u}ller theory. {V}ol. {II}},
	Date-Added = {2018-05-09 21:26:22 +0000},
	Date-Modified = {2018-05-09 21:28:01 +0000},
	Pages = {455--508},
	Publisher = {Eur. Math. Soc., Z{\"u}rich},
	Series = {IRMA Lect. Math. Theor. Phys.},
	Title = {Complex projective structures},
	Volume = {13},
	Year = {2009},
	Bdsk-File-1 = {YnBsaXN0MDDSAQIDBFxyZWxhdGl2ZVBhdGhZYWxpYXNEYXRhXxA8Li4vLi4vTGlicmFyeS9EdW1hcyAyMDA5IC0gQ29tcGxleCBwcm9qZWN0aXZlIHN0cnVjdHVyZXMucGRmTxEB6AAAAAAB6AACAAAMTWFjaW50b3NoIEhEAAAAAAAAAAAAAAAAAAAAAAAAAEJEAAH/////H0R1bWFzIDIwMDkgLSBDb21wbCNGRkZGRkZGRi5wZGYAAAAAAAAAAAAAAAAAAAAAAAAAAAAAAAAAAAAAAAAAAP////8AAAAAAAAAAAAAAAAAAgACAAAKIGN1AAAAAAAAAAAAAAAAAAdMaWJyYXJ5AAACAFgvOlVzZXJzOmtlYXRvbjpEb2N1bWVudHM6R3JhZHVhdGU6TGlicmFyeTpEdW1hcyAyMDA5IC0gQ29tcGxleCBwcm9qZWN0aXZlIHN0cnVjdHVyZXMucGRmAA4AXgAuAEQAdQBtAGEAcwAgADIAMAAwADkAIAAtACAAQwBvAG0AcABsAGUAeAAgAHAAcgBvAGoAZQBjAHQAaQB2AGUAIABzAHQAcgB1AGMAdAB1AHIAZQBzAC4AcABkAGYADwAaAAwATQBhAGMAaQBuAHQAbwBzAGgAIABIAEQAEgBWVXNlcnMva2VhdG9uL0RvY3VtZW50cy9HcmFkdWF0ZS9MaWJyYXJ5L0R1bWFzIDIwMDkgLSBDb21wbGV4IHByb2plY3RpdmUgc3RydWN0dXJlcy5wZGYAEwABLwAAFQACAA3//wAAAAgADQAaACQAYwAAAAAAAAIBAAAAAAAAAAUAAAAAAAAAAAAAAAAAAAJP},
	Bdsk-Url-1 = {https://mathscinet.ams.org/mathscinet-getitem?mr=2497780}}

@book{aubin1982,
	Author = {Aubin, Thierry},
	Date-Added = {2017-11-27 17:09:18 +0000},
	Date-Modified = {2018-11-20 14:50:50 -0600},
	Isbn = {0-387-90704-1},
	Pages = {xii+204},
	Publisher = {Springer-Verlag, New York},
	Series = {Grundlehren der Mathematischen Wissenschaften},
	Title = {Nonlinear analysis on manifolds. {M}onge-{A}mp{\`e}re equations},
	Url = {https://doi.org/10.1007/978-1-4612-5734-9},
	Volume = {252},
	Year = {1982},
	Bdsk-Url-1 = {http://mathscinet.ams.org/mathscinet-getitem?mr=681859}}

@book{tromba1992,
	Author = {Tromba, Anthony J.},
	Date-Added = {2017-11-27 17:07:53 +0000},
	Date-Modified = {2017-11-27 17:08:18 +0000},
	Isbn = {3-7643-2735-9},
	Note = {Lecture notes prepared by Jochen Denzler},
	Pages = {220},
	Publisher = {Birkh{\"a}user Verlag, Basel},
	Series = {Lectures in Mathematics ETH Z{\"u}rich},
	Title = {Teichm{\"u}ller theory in {R}iemannian geometry},
	Url = {https://doi.org/10.1007/978-3-0348-8613-0},
	Year = {1992},
	Bdsk-File-1 = {YnBsaXN0MDDSAQIDBFxyZWxhdGl2ZVBhdGhZYWxpYXNEYXRhbxBNAC4ALgAvAC4ALgAvAC4ALgAvAEwAaQBiAHIAYQByAHkALwBUAHIAbwBtAGIAYQAgADEAOQA5ADIAIAAtACAAVABlAGkAYwBoAG0AdQMIAGwAbABlAHIAIAB0AGgAZQBvAHIAeQAgAGkAbgAgAFIAaQBlAG0AYQBuAG4AaQBhAG4AIABnAGUAbwBtAGUAdAByAHkALgBwAGQAZk8RAiQAAAAAAiQAAgAADE1hY2ludG9zaCBIRAAAAAAAAAAAAAAAAAAAAAAAAABCRAAB/////x9Ucm9tYmEgMTk5MiAtIFRlaWMjRkZGRkZGRkYucGRmAAAAAAAAAAAAAAAAAAAAAAAAAAAAAAAAAAAAAAAAAAD/////AAAAAAAAAAAAAAAAAAMAAgAACiBjdQAAAAAAAAAAAAAAAAAHTGlicmFyeQAAAgBnLzpVc2VyczprZWF0b246RG9jdW1lbnRzOkdyYWR1YXRlOkxpYnJhcnk6VHJvbWJhIDE5OTIgLSBUZWljaG11zIhsbGVyIHRoZW9yeSBpbiBSaWVtYW5uaWFuIGdlb21ldHJ5LnBkZgAADgB6ADwAVAByAG8AbQBiAGEAIAAxADkAOQAyACAALQAgAFQAZQBpAGMAaABtAHUDCABsAGwAZQByACAAdABoAGUAbwByAHkAIABpAG4AIABSAGkAZQBtAGEAbgBuAGkAYQBuACAAZwBlAG8AbQBlAHQAcgB5AC4AcABkAGYADwAaAAwATQBhAGMAaQBuAHQAbwBzAGgAIABIAEQAEgBlVXNlcnMva2VhdG9uL0RvY3VtZW50cy9HcmFkdWF0ZS9MaWJyYXJ5L1Ryb21iYSAxOTkyIC0gVGVpY2htdcyIbGxlciB0aGVvcnkgaW4gUmllbWFubmlhbiBnZW9tZXRyeS5wZGYAABMAAS8AABUAAgAN//8AAAAIAA0AGgAkAMEAAAAAAAACAQAAAAAAAAAFAAAAAAAAAAAAAAAAAAAC6Q==},
	Bdsk-Url-1 = {http://mathscinet.ams.org/mathscinet-getitem?mr=1164870}}

@article{rosenberg-spruck1994,
	Author = {Rosenberg, Harold and Spruck, Joel},
	Date-Added = {2017-11-27 17:06:07 +0000},
	Date-Modified = {2017-11-27 17:06:27 +0000},
	Fjournal = {Journal of Differential Geometry},
	Issn = {0022-040X},
	Journal = {J. Differential Geom.},
	Number = {2},
	Pages = {379--409},
	Title = {On the existence of convex hypersurfaces of constant {G}auss curvature in hyperbolic space},
	Url = {http://projecteuclid.org/euclid.jdg/1214455540},
	Volume = {40},
	Year = {1994},
	Bdsk-File-1 = {YnBsaXN0MDDSAQIDBFxyZWxhdGl2ZVBhdGhZYWxpYXNEYXRhXxCDLi4vLi4vTGlicmFyeS9Sb3NlbmJlcmcsIFNwcnVjayAxOTk0IC0gT24gdGhlIGV4aXN0ZW5jZSBvZiBjb252ZXggaHlwZXJzdXJmYWNlcyBvZiBjb25zdGFudCBHYXVzcyBjdXJ2YXR1cmUgaW4gaHlwZXJib2xpYyBzcGFjZS5wZGZPEQMGAAAAAAMGAAIAAAxNYWNpbnRvc2ggSEQAAAAAAAAAAAAAAAAAAAAAAAAAQkQAAf////8fUm9zZW5iZXJnLCBTcHJ1Y2sgI0ZGRkZGRkZGLnBkZgAAAAAAAAAAAAAAAAAAAAAAAAAAAAAAAAAAAAAAAAAA/////wAAAAAAAAAAAAAAAAACAAIAAAogY3UAAAAAAAAAAAAAAAAAB0xpYnJhcnkAAAIAny86VXNlcnM6a2VhdG9uOkRvY3VtZW50czpHcmFkdWF0ZTpMaWJyYXJ5OlJvc2VuYmVyZywgU3BydWNrIDE5OTQgLSBPbiB0aGUgZXhpc3RlbmNlIG9mIGNvbnZleCBoeXBlcnN1cmZhY2VzIG9mIGNvbnN0YW50IEdhdXNzIGN1cnZhdHVyZSBpbiBoeXBlcmJvbGljIHNwYWNlLnBkZgAADgDsAHUAUgBvAHMAZQBuAGIAZQByAGcALAAgAFMAcAByAHUAYwBrACAAMQA5ADkANAAgAC0AIABPAG4AIAB0AGgAZQAgAGUAeABpAHMAdABlAG4AYwBlACAAbwBmACAAYwBvAG4AdgBlAHgAIABoAHkAcABlAHIAcwB1AHIAZgBhAGMAZQBzACAAbwBmACAAYwBvAG4AcwB0AGEAbgB0ACAARwBhAHUAcwBzACAAYwB1AHIAdgBhAHQAdQByAGUAIABpAG4AIABoAHkAcABlAHIAYgBvAGwAaQBjACAAcwBwAGEAYwBlAC4AcABkAGYADwAaAAwATQBhAGMAaQBuAHQAbwBzAGgAIABIAEQAEgCdVXNlcnMva2VhdG9uL0RvY3VtZW50cy9HcmFkdWF0ZS9MaWJyYXJ5L1Jvc2VuYmVyZywgU3BydWNrIDE5OTQgLSBPbiB0aGUgZXhpc3RlbmNlIG9mIGNvbnZleCBoeXBlcnN1cmZhY2VzIG9mIGNvbnN0YW50IEdhdXNzIGN1cnZhdHVyZSBpbiBoeXBlcmJvbGljIHNwYWNlLnBkZgAAEwABLwAAFQACAA3//wAAAAgADQAaACQAqgAAAAAAAAIBAAAAAAAAAAUAAAAAAAAAAAAAAAAAAAO0},
	Bdsk-Url-1 = {http://mathscinet.ams.org/mathscinet-getitem?mr=1293658}}

@article{labourie2000,
	Author = {Labourie, Fran\c{c}ois},
	Date-Added = {2017-11-27 17:03:01 +0000},
	Date-Modified = {2017-11-27 17:03:18 +0000},
	Fjournal = {Inventiones Mathematicae},
	Issn = {0020-9910},
	Journal = {Invent. Math.},
	Number = {2},
	Pages = {239--297},
	Title = {Un lemme de {M}orse pour les surfaces convexes},
	Url = {https://doi.org/10.1007/s002220000069},
	Volume = {141},
	Year = {2000},
	Bdsk-File-1 = {YnBsaXN0MDDSAQIDBFxyZWxhdGl2ZVBhdGhZYWxpYXNEYXRhXxBOLi4vLi4vTGlicmFyeS9MYWJvdXJpZSAyMDAwIC0gVW4gbGVtbWUgZGUgTW9yc2UgcG91ciBsZXMgc3VyZmFjZXMgY29udmV4ZXMucGRmTxECMAAAAAACMAACAAAMTWFjaW50b3NoIEhEAAAAAAAAAAAAAAAAAAAAAAAAAEJEAAH/////H0xhYm91cmllIDIwMDAgLSBVbiNGRkZGRkZGRi5wZGYAAAAAAAAAAAAAAAAAAAAAAAAAAAAAAAAAAAAAAAAAAP////8AAAAAAAAAAAAAAAAAAgACAAAKIGN1AAAAAAAAAAAAAAAAAAdMaWJyYXJ5AAACAGovOlVzZXJzOmtlYXRvbjpEb2N1bWVudHM6R3JhZHVhdGU6TGlicmFyeTpMYWJvdXJpZSAyMDAwIC0gVW4gbGVtbWUgZGUgTW9yc2UgcG91ciBsZXMgc3VyZmFjZXMgY29udmV4ZXMucGRmAA4AggBAAEwAYQBiAG8AdQByAGkAZQAgADIAMAAwADAAIAAtACAAVQBuACAAbABlAG0AbQBlACAAZABlACAATQBvAHIAcwBlACAAcABvAHUAcgAgAGwAZQBzACAAcwB1AHIAZgBhAGMAZQBzACAAYwBvAG4AdgBlAHgAZQBzAC4AcABkAGYADwAaAAwATQBhAGMAaQBuAHQAbwBzAGgAIABIAEQAEgBoVXNlcnMva2VhdG9uL0RvY3VtZW50cy9HcmFkdWF0ZS9MaWJyYXJ5L0xhYm91cmllIDIwMDAgLSBVbiBsZW1tZSBkZSBNb3JzZSBwb3VyIGxlcyBzdXJmYWNlcyBjb252ZXhlcy5wZGYAEwABLwAAFQACAA3//wAAAAgADQAaACQAdQAAAAAAAAIBAAAAAAAAAAUAAAAAAAAAAAAAAAAAAAKp},
	Bdsk-Url-1 = {http://mathscinet.ams.org/mathscinet-getitem?mr=1775215}}

@article{labourie1997,
	Author = {Labourie, Fran\c{c}ois},
	Date-Added = {2017-11-27 16:59:37 +0000},
	Date-Modified = {2017-11-27 17:01:09 +0000},
	Fjournal = {Geometric and Functional Analysis},
	Issn = {1016-443X},
	Journal = {Geom. Funct. Anal.},
	Number = {3},
	Pages = {496--534},
	Title = {Probl{\`e}mes de {M}onge-{A}mp{\`e}re, courbes holomorphes et laminations},
	Url = {https://doi.org/10.1007/s000390050017},
	Volume = {7},
	Year = {1997},
	Bdsk-File-1 = {YnBsaXN0MDDSAQIDBFxyZWxhdGl2ZVBhdGhZYWxpYXNEYXRhbxBhAC4ALgAvAC4ALgAvAEwAaQBiAHIAYQByAHkALwBMAGEAYgBvAHUAcgBpAGUAIAAxADkAOQA3ACAALQAgAFAAcgBvAGIAbABlAwAAbQBlAHMAIABkAGUAIABNAG8AbgBnAGUALQBBAG0AcABlAwAAcgBlACwAIABjAG8AdQByAGIAZQBzACAAaABvAGwAbwBtAG8AcgBwAGgAZQBzACAAZQB0ACAAbABhAG0AaQBuAGEAdABpAG8AbgBzAC4AcABkAGZPEQKCAAAAAAKCAAIAAAxNYWNpbnRvc2ggSEQAAAAAAAAAAAAAAAAAAAAAAAAAQkQAAf////8fTGFib3VyaWUgMTk5NyAtIFByI0ZGRkZGRkZGLnBkZgAAAAAAAAAAAAAAAAAAAAAAAAAAAAAAAAAAAAAAAAAA/////wAAAAAAAAAAAAAAAAACAAIAAAogY3UAAAAAAAAAAAAAAAAAB0xpYnJhcnkAAAIAfy86VXNlcnM6a2VhdG9uOkRvY3VtZW50czpHcmFkdWF0ZTpMaWJyYXJ5OkxhYm91cmllIDE5OTcgLSBQcm9ibGXMgG1lcyBkZSBNb25nZS1BbXBlzIByZSwgY291cmJlcyBob2xvbW9ycGhlcyBldCBsYW1pbmF0aW9ucy5wZGYAAA4AqABTAEwAYQBiAG8AdQByAGkAZQAgADEAOQA5ADcAIAAtACAAUAByAG8AYgBsAGUDAABtAGUAcwAgAGQAZQAgAE0AbwBuAGcAZQAtAEEAbQBwAGUDAAByAGUALAAgAGMAbwB1AHIAYgBlAHMAIABoAG8AbABvAG0AbwByAHAAaABlAHMAIABlAHQAIABsAGEAbQBpAG4AYQB0AGkAbwBuAHMALgBwAGQAZgAPABoADABNAGEAYwBpAG4AdABvAHMAaAAgAEgARAASAH1Vc2Vycy9rZWF0b24vRG9jdW1lbnRzL0dyYWR1YXRlL0xpYnJhcnkvTGFib3VyaWUgMTk5NyAtIFByb2JsZcyAbWVzIGRlIE1vbmdlLUFtcGXMgHJlLCBjb3VyYmVzIGhvbG9tb3JwaGVzIGV0IGxhbWluYXRpb25zLnBkZgAAEwABLwAAFQACAA3//wAAAAgADQAaACQA6QAAAAAAAAIBAAAAAAAAAAUAAAAAAAAAAAAAAAAAAANv},
	Bdsk-Url-1 = {http://mathscinet.ams.org/mathscinet-getitem?mr=1466336}}

@article{labourie1992,
	Author = {Labourie, Fran\c{c}ois},
	Date-Added = {2017-11-27 16:57:06 +0000},
	Date-Modified = {2017-11-27 16:58:04 +0000},
	Fjournal = {Journal of the London Mathematical Society. Second Series},
	Issn = {0024-6107},
	Journal = {J. London Math. Soc. (2)},
	Number = {3},
	Pages = {549--565},
	Title = {Surfaces convexes dans l'espace hyperbolique et {${\mathbb C}{\rm P}^1$}-structures},
	Url = {https://doi.org/10.1112/jlms/s2-45.3.549},
	Volume = {45},
	Year = {1992},
	Bdsk-File-1 = {YnBsaXN0MDDSAQIDBFxyZWxhdGl2ZVBhdGhZYWxpYXNEYXRhXxBvLi4vLi4vTGlicmFyeS9MYWJvdXJpZSAxOTkyIC0gU3VyZmFjZXMgY29udmV4ZXMgZGFucyBsJ2VzcGFjZSBoeXBlcmJvbGlxdWUgZXQgJFxtYXRoYmIgQ1xybSBQXjEkLXN0cnVjdHVyZXMucGRmTxECtgAAAAACtgACAAAMTWFjaW50b3NoIEhEAAAAAAAAAAAAAAAAAAAAAAAAAEJEAAH/////H0xhYm91cmllIDE5OTIgLSBTdSNGRkZGRkZGRi5wZGYAAAAAAAAAAAAAAAAAAAAAAAAAAAAAAAAAAAAAAAAAAP////8AAAAAAAAAAAAAAAAAAgACAAAKIGN1AAAAAAAAAAAAAAAAAAdMaWJyYXJ5AAACAIsvOlVzZXJzOmtlYXRvbjpEb2N1bWVudHM6R3JhZHVhdGU6TGlicmFyeTpMYWJvdXJpZSAxOTkyIC0gU3VyZmFjZXMgY29udmV4ZXMgZGFucyBsJ2VzcGFjZSBoeXBlcmJvbGlxdWUgZXQgJFxtYXRoYmIgQ1xybSBQXjEkLXN0cnVjdHVyZXMucGRmAAAOAMQAYQBMAGEAYgBvAHUAcgBpAGUAIAAxADkAOQAyACAALQAgAFMAdQByAGYAYQBjAGUAcwAgAGMAbwBuAHYAZQB4AGUAcwAgAGQAYQBuAHMAIABsACcAZQBzAHAAYQBjAGUAIABoAHkAcABlAHIAYgBvAGwAaQBxAHUAZQAgAGUAdAAgACQAXABtAGEAdABoAGIAYgAgAEMAXAByAG0AIABQAF4AMQAkAC0AcwB0AHIAdQBjAHQAdQByAGUAcwAuAHAAZABmAA8AGgAMAE0AYQBjAGkAbgB0AG8AcwBoACAASABEABIAiVVzZXJzL2tlYXRvbi9Eb2N1bWVudHMvR3JhZHVhdGUvTGlicmFyeS9MYWJvdXJpZSAxOTkyIC0gU3VyZmFjZXMgY29udmV4ZXMgZGFucyBsJ2VzcGFjZSBoeXBlcmJvbGlxdWUgZXQgJFxtYXRoYmIgQ1xybSBQXjEkLXN0cnVjdHVyZXMucGRmAAATAAEvAAAVAAIADf//AAAACAANABoAJACWAAAAAAAAAgEAAAAAAAAABQAAAAAAAAAAAAAAAAAAA1A=},
	Bdsk-Url-1 = {http://mathscinet.ams.org/mathscinet-getitem?mr=1180262}}

@article{labourie1991,
	Author = {Labourie, Fran\c{c}ois},
	Date-Added = {2017-11-27 16:54:59 +0000},
	Date-Modified = {2017-11-27 16:56:10 +0000},
	Fjournal = {Bulletin de la Soci{\'e}t{\'e} Math{\'e}matique de France},
	Issn = {0037-9484},
	Journal = {Bull. Soc. Math. France},
	Number = {3},
	Pages = {307--325},
	Title = {Probl{\`e}me de {M}inkowski et surfaces {\`a} courbure constante dans les vari{\'e}t{\'e}s hyperboliques},
	Url = {http://www.numdam.org/item?id=BSMF_1991__119_3_307_0},
	Volume = {119},
	Year = {1991},
	Bdsk-File-1 = {YnBsaXN0MDDSAQIDBFxyZWxhdGl2ZVBhdGhZYWxpYXNEYXRhbxB8AC4ALgAvAC4ALgAvAEwAaQBiAHIAYQByAHkALwBMAGEAYgBvAHUAcgBpAGUAIAAxADkAOQAxACAALQAgAFAAcgBvAGIAbABlAwAAbQBlACAAZABlACAATQBpAG4AawBvAHcAcwBrAGkAIABlAHQAIABzAHUAcgBmAGEAYwBlAHMAIABhAwAAIABjAG8AdQByAGIAdQByAGUAIABjAG8AbgBzAHQAYQBuAHQAZQAgAGQAYQBuAHMAIABsAGUAcwAgAHYAYQByAGkAZQMBAHQAZQMBAHMAIABoAHkAcABlAHIAYgBvAGwAaQBxAHUAZQBzAC4AcABkAGZPEQLwAAAAAALwAAIAAAxNYWNpbnRvc2ggSEQAAAAAAAAAAAAAAAAAAAAAAAAAQkQAAf////8fTGFib3VyaWUgMTk5MSAtIFByI0ZGRkZGRkZGLnBkZgAAAAAAAAAAAAAAAAAAAAAAAAAAAAAAAAAAAAAAAAAA/////wAAAAAAAAAAAAAAAAACAAIAAAogY3UAAAAAAAAAAAAAAAAAB0xpYnJhcnkAAAIAnC86VXNlcnM6a2VhdG9uOkRvY3VtZW50czpHcmFkdWF0ZTpMaWJyYXJ5OkxhYm91cmllIDE5OTEgLSBQcm9ibGXMgG1lIGRlIE1pbmtvd3NraSBldCBzdXJmYWNlcyBhzIAgY291cmJ1cmUgY29uc3RhbnRlIGRhbnMgbGVzIHZhcmllzIF0ZcyBcyBoeXBlcmJvbGlxdWVzLnBkZgAOAN4AbgBMAGEAYgBvAHUAcgBpAGUAIAAxADkAOQAxACAALQAgAFAAcgBvAGIAbABlAwAAbQBlACAAZABlACAATQBpAG4AawBvAHcAcwBrAGkAIABlAHQAIABzAHUAcgBmAGEAYwBlAHMAIABhAwAAIABjAG8AdQByAGIAdQByAGUAIABjAG8AbgBzAHQAYQBuAHQAZQAgAGQAYQBuAHMAIABsAGUAcwAgAHYAYQByAGkAZQMBAHQAZQMBAHMAIABoAHkAcABlAHIAYgBvAGwAaQBxAHUAZQBzAC4AcABkAGYADwAaAAwATQBhAGMAaQBuAHQAbwBzAGgAIABIAEQAEgCaVXNlcnMva2VhdG9uL0RvY3VtZW50cy9HcmFkdWF0ZS9MaWJyYXJ5L0xhYm91cmllIDE5OTEgLSBQcm9ibGXMgG1lIGRlIE1pbmtvd3NraSBldCBzdXJmYWNlcyBhzIAgY291cmJ1cmUgY29uc3RhbnRlIGRhbnMgbGVzIHZhcmllzIF0ZcyBcyBoeXBlcmJvbGlxdWVzLnBkZgATAAEvAAAVAAIADf//AAAACAANABoAJAEfAAAAAAAAAgEAAAAAAAAABQAAAAAAAAAAAAAAAAAABBM=},
	Bdsk-Url-1 = {http://mathscinet.ams.org/mathscinet-getitem?mr=1125669}}

@article{dumas2017,
	Author = {Dumas, David},
	Date-Added = {2017-11-27 16:49:27 +0000},
	Date-Modified = {2017-11-27 16:51:46 +0000},
	Fjournal = {Advances in Mathematics},
	Issn = {0001-8708},
	Journal = {Adv. Math.},
	Pages = {427--473},
	Title = {Holonomy limits of complex projective structures},
	Url = {https://doi.org/10.1016/j.aim.2017.05.021},
	Volume = {315},
	Year = {2017},
	Bdsk-File-1 = {YnBsaXN0MDDSAQIDBFxyZWxhdGl2ZVBhdGhZYWxpYXNEYXRhXxBPLi4vLi4vTGlicmFyeS9EdW1hcyAyMDE3IC0gSG9sb25vbXkgbGltaXRzIG9mIGNvbXBsZXggcHJvamVjdGl2ZSBzdHJ1Y3R1cmVzLnBkZk8RAjYAAAAAAjYAAgAADE1hY2ludG9zaCBIRAAAAAAAAAAAAAAAAAAAAAAAAABCRAAB/////x9EdW1hcyAyMDE3IC0gSG9sb24jRkZGRkZGRkYucGRmAAAAAAAAAAAAAAAAAAAAAAAAAAAAAAAAAAAAAAAAAAD/////AAAAAAAAAAAAAAAAAAIAAgAACiBjdQAAAAAAAAAAAAAAAAAHTGlicmFyeQAAAgBrLzpVc2VyczprZWF0b246RG9jdW1lbnRzOkdyYWR1YXRlOkxpYnJhcnk6RHVtYXMgMjAxNyAtIEhvbG9ub215IGxpbWl0cyBvZiBjb21wbGV4IHByb2plY3RpdmUgc3RydWN0dXJlcy5wZGYAAA4AhABBAEQAdQBtAGEAcwAgADIAMAAxADcAIAAtACAASABvAGwAbwBuAG8AbQB5ACAAbABpAG0AaQB0AHMAIABvAGYAIABjAG8AbQBwAGwAZQB4ACAAcAByAG8AagBlAGMAdABpAHYAZQAgAHMAdAByAHUAYwB0AHUAcgBlAHMALgBwAGQAZgAPABoADABNAGEAYwBpAG4AdABvAHMAaAAgAEgARAASAGlVc2Vycy9rZWF0b24vRG9jdW1lbnRzL0dyYWR1YXRlL0xpYnJhcnkvRHVtYXMgMjAxNyAtIEhvbG9ub215IGxpbWl0cyBvZiBjb21wbGV4IHByb2plY3RpdmUgc3RydWN0dXJlcy5wZGYAABMAAS8AABUAAgAN//8AAAAIAA0AGgAkAHYAAAAAAAACAQAAAAAAAAAFAAAAAAAAAAAAAAAAAAACsA==},
	Bdsk-Url-1 = {http://mathscinet.ams.org/mathscinet-getitem?mr=3667590}}

@unpublished{epstein1984,
	Author = {Epstein, Charles L.},
	Date-Added = {2017-11-06 17:26:20 +0000},
	Date-Modified = {2017-11-06 17:28:32 +0000},
	Note = {preprint},
	Title = {Envelopes of horospheres and Weingarten surfaces in hyperbolic 3-space},
	Year = {1984},
	Bdsk-File-1 = {YnBsaXN0MDDSAQIDBFxyZWxhdGl2ZVBhdGhZYWxpYXNEYXRhXxBnLi4vLi4vTGlicmFyeS9FcHN0ZWluIDE5ODQgLSBFbnZlbG9wZXMgb2YgaG9yb3NwaGVyZXMgYW5kIFdlaW5nYXJ0ZW4gc3VyZmFjZXMgaW4gaHlwZXJib2xpYyAzLXNwYWNlLnBkZk8RApYAAAAAApYAAgAADE1hY2ludG9zaCBIRAAAAAAAAAAAAAAAAAAAAAAAAABCRAAB/////x9FcHN0ZWluIDE5ODQgLSBFbnYjRkZGRkZGRkYucGRmAAAAAAAAAAAAAAAAAAAAAAAAAAAAAAAAAAAAAAAAAAD/////AAAAAAAAAAAAAAAAAAIAAgAACiBjdQAAAAAAAAAAAAAAAAAHTGlicmFyeQAAAgCDLzpVc2VyczprZWF0b246RG9jdW1lbnRzOkdyYWR1YXRlOkxpYnJhcnk6RXBzdGVpbiAxOTg0IC0gRW52ZWxvcGVzIG9mIGhvcm9zcGhlcmVzIGFuZCBXZWluZ2FydGVuIHN1cmZhY2VzIGluIGh5cGVyYm9saWMgMy1zcGFjZS5wZGYAAA4AtABZAEUAcABzAHQAZQBpAG4AIAAxADkAOAA0ACAALQAgAEUAbgB2AGUAbABvAHAAZQBzACAAbwBmACAAaABvAHIAbwBzAHAAaABlAHIAZQBzACAAYQBuAGQAIABXAGUAaQBuAGcAYQByAHQAZQBuACAAcwB1AHIAZgBhAGMAZQBzACAAaQBuACAAaAB5AHAAZQByAGIAbwBsAGkAYwAgADMALQBzAHAAYQBjAGUALgBwAGQAZgAPABoADABNAGEAYwBpAG4AdABvAHMAaAAgAEgARAASAIFVc2Vycy9rZWF0b24vRG9jdW1lbnRzL0dyYWR1YXRlL0xpYnJhcnkvRXBzdGVpbiAxOTg0IC0gRW52ZWxvcGVzIG9mIGhvcm9zcGhlcmVzIGFuZCBXZWluZ2FydGVuIHN1cmZhY2VzIGluIGh5cGVyYm9saWMgMy1zcGFjZS5wZGYAABMAAS8AABUAAgAN//8AAAAIAA0AGgAkAI4AAAAAAAACAQAAAAAAAAAFAAAAAAAAAAAAAAAAAAADKA==}}

@misc{schlenker2017,
	Author = {{Schlenker}, Jean-Marc},
	Date-Modified = {2018-11-20 14:50:42 -0600},
	Howpublished = {Preprint \href{https://arxiv.org/abs/1708.01852}{arXiv:1708.01852}},
	Title = {Notes on the Schwarzian tensor and measured foliations at infinity of quasifuchsian manifolds},
	Year = {2017}}

@comment{BibDesk Static Groups{
<?xml version="1.0" encoding="UTF-8"?>
<!DOCTYPE plist PUBLIC "-//Apple//DTD PLIST 1.0//EN" "http://www.apple.com/DTDs/PropertyList-1.0.dtd">
<plist version="1.0">
<array>
	<dict>
		<key>group name</key>
		<string>Limits of k-surfaces</string>
		<key>keys</key>
		<string>aubin1982,dumas2017,epstein1984,labourie2000,labourie1997,labourie1992,labourie1991,rosenberg-spruck1994,tromba1992</string>
	</dict>
</array>
</plist>
}}
